@online{TreeSitter,
  title = {Tree Sitter},
  url = {https://tree-sitter.github.io/tree-sitter}
}

@online{TreeSitterPlayground,
  title = {Tree Sitter Playground},
  url = {https://tree-sitter.github.io/tree-sitter/playground}
}

@online{TreeSitterQuerySyntax,
  title = {Tree Sitter - Using Parsers - Query Syntax},
  url = {https://tree-sitter.github.io/tree-sitter/using-parsers#pattern-matching-with-queries}
}

@online{TreeSitterCreatingParsers,
  title = {Tree Sitter - Creating Parsers},
  url = {https://tree-sitter.github.io/tree-sitter/creating-parsers}
}

@online{TreeSitterAdvancedParsing,
  title = {Tree Sitter - Using Parsers - Advanced Parsing},
  url = {https://tree-sitter.github.io/tree-sitter/using-parsers#advanced-parsing}
}

@online{TreeSitterCrate,
  title = {Tree Sitter - Rust Crate},
  url = {https://crates.io/crates/tree-sitter}
}

@online{TreeSitterRustGrammars,
  title = {Tree Sitter - Rust Grammars},
  url = {https://tree-sitter.github.io/tree-sitter/#parsers}
}

@online{StackGraph,
    title = {Stack Graph},
    url = {https://docs.rs/stack-graphs/latest/stack_graphs/}
}

@online{TreeSitterStackGraph,
    title = {Tree Sitter Stack Graph},
    url = {https://docs.rs/tree-sitter-stack-graphs/latest/tree_sitter_stack_graphs/}
}

@online{TreeSitterGraph,
    title = {Tree Sitter Graph},
    url = {https://docs.rs/tree-sitter-graph/0.10.0/tree_sitter_graph/}
}

@online{TreeSitterGraphReference,
    title = {Tree Sitter Graph},
    url = {https://docs.rs/tree-sitter-graph/0.10.0/tree_sitter_graph/reference/index.html}
}
